@inbook{rogers_alg,
	author="Роджерс Д. Ф.",
	title="Алгоритмические основы машинной графики.",
	publisher="-- М.: Издательство <<Мир>>",
	language="russian",
	year=1989
}

@inbook{rogers_math,
	author="Роджерс Д. Ф.",
	title="Математические основы машинной графики.",
	publisher="-- М.: Издательство <<Мир>>",
	language="russian",
	year=2001
}


@misc{cpp-lang,
	title="Программирование на C/C++ [Электронный ресурс]",
	howpublished="Режим доступа: \url{http://www.c-cpp.ru/} (дата обращения: 11.10.2022)"
}

@misc{intelli,
	title="IntelliSense [Электронный ресурс]",
	howpublished="Режим доступа: \url{https://learn.microsoft.com/ru-ru/visualstudio/ide/visual-cpp-intellisense?view=vs-2022} (дата обращения: 11.10.2022)"
}

@misc{qt,
	title="Qt framework [Электронный ресурс]",
	howpublished="Режим доступа: \url{https://www.qt.io/product/framework} (дата обращения: 11.10.2022)"
}

@misc{vs,
	title="Visual Studio -- Разработка приложений на C и C++ [Электронный ресурс]",
	howpublished="Режим доступа: \url{https://visualstudio.microsoft.com/ru/vs/features/cplusplus/} (дата обращения: 11.10.2022)"
}

@misc{chrono,
	title="Date and time utilities [Электронный ресурс]",
	howpublished="Режим доступа: \url{https://en.cppreference.com/w/cpp/chrono} (дата обращения: 11.10.2022)"
}
